<?xml version="1.0" encoding="UTF-8"?><collection xmlns="http://www.loc.gov/MARC21/slim"><record><leader>00383nam--2200121-i-4500</leader><controlfield tag="001">000018292</controlfield><controlfield tag="002">20161230</controlfield><controlfield tag="005">20161230201032</controlfield><controlfield tag="008">060222s1000------------r-----000-0-eng-d</controlfield><datafield ind1=" " ind2=" " tag="100"><subfield code="a">Fattorusso, V., Ritter, O</subfield></datafield><datafield ind1=" " ind2=" " tag="245"><subfield code="a">Vademecum clinique du medicin practicien du symptome a l`ordonnance. 4-eme edition,revue et augmentee</subfield></datafield><datafield ind1=" " ind2=" " tag="260"><subfield code="a">Paris, Masson &amp; C-ie, 1958.  1521 P</subfield></datafield><datafield ind1=" " ind2=" " tag="852"><subfield code="a">14770</subfield></datafield></record></collection>